@misc{levine2019deeprl,
  author = {Sergey Levine},
  title = {Introduction to Deep Reinforcement Learning},
  year = {2019},
  howpublished = {Course Lecture Slides, Deep RL Course, UC Berkeley},
  url = {https://rail.eecs.berkeley.edu/deeprlcourse/deeprlcourse/static/slides/lec-1.pdf},
  note = {Accessed: 2025-02-11}
}

@misc{brunskill2022cs234,
  author = {Emma Brunskill},
  title = {CS234: Reinforcement Learning - Lecture 1},
  year = {2022},
  howpublished = {Course Lecture Slides, Stanford University},
  url = {https://web.stanford.edu/class/cs234/slides/lecture1pre.pdf},
  note = {Accessed: 2025-02-11}
}

